@Manual{R-albersusa,
  title = {albersusa: Tools, Shapefiles \& Data to Work with an 'AlbersUSA' Composite Projection},
  author = {Bob Rudis},
  year = {2018},
  note = {R package version 0.3.1},
  url = {https://github.com/hrbrmstr/albersusa},
}
@Manual{R-base,
  title = {R: A Language and Environment for Statistical Computing},
  author = {{R Core Team}},
  organization = {R Foundation for Statistical Computing},
  address = {Vienna, Austria},
  year = {2019},
  url = {https://www.R-project.org/},
}
@Manual{R-bookdown,
  title = {bookdown: Authoring Books and Technical Documents with R Markdown},
  author = {Yihui Xie},
  year = {2019},
  note = {R package version 0.11},
  url = {https://CRAN.R-project.org/package=bookdown},
}
@Manual{R-cowplot,
  title = {cowplot: Streamlined Plot Theme and Plot Annotations for 'ggplot2'},
  author = {Claus O. Wilke},
  year = {2019},
  note = {R package version 0.9.4},
  url = {https://CRAN.R-project.org/package=cowplot},
}
@Manual{R-data.table,
  title = {data.table: Extension of `data.frame`},
  author = {Matt Dowle and Arun Srinivasan},
  year = {2019},
  note = {R package version 1.12.2},
  url = {https://CRAN.R-project.org/package=data.table},
}
@Manual{R-dplyr,
  title = {dplyr: A Grammar of Data Manipulation},
  author = {Hadley Wickham and Romain François and Lionel Henry and Kirill Müller},
  year = {2019},
  note = {R package version 0.8.1},
  url = {https://CRAN.R-project.org/package=dplyr},
}
@Manual{R-DT,
  title = {DT: A Wrapper of the JavaScript Library 'DataTables'},
  author = {Yihui Xie and Joe Cheng and Xianying Tan},
  year = {2019},
  note = {R package version 0.7},
  url = {https://CRAN.R-project.org/package=DT},
}
@Manual{R-emojifont,
  title = {emojifont: Emoji and Font Awesome in Graphics},
  author = {Guangchuang Yu},
  year = {2018},
  note = {R package version 0.5.2},
  url = {https://CRAN.R-project.org/package=emojifont},
}
@Manual{R-extrafont,
  title = {extrafont: Tools for using fonts},
  author = {Winston Chang,},
  year = {2014},
  note = {R package version 0.17},
  url = {https://CRAN.R-project.org/package=extrafont},
}
@Manual{R-forcats,
  title = {forcats: Tools for Working with Categorical Variables (Factors)},
  author = {Hadley Wickham},
  year = {2019},
  note = {R package version 0.4.0},
  url = {https://CRAN.R-project.org/package=forcats},
}
@Manual{R-gapminder,
  title = {gapminder: Data from Gapminder},
  author = {Jennifer Bryan},
  year = {2017},
  note = {R package version 0.3.0},
  url = {https://CRAN.R-project.org/package=gapminder},
}
@Manual{R-gdtools,
  title = {gdtools: Utilities for Graphical Rendering},
  author = {David Gohel and Hadley Wickham and Lionel Henry and Jeroen Ooms},
  year = {2019},
  note = {R package version 0.1.8},
  url = {https://CRAN.R-project.org/package=gdtools},
}
@Manual{R-ggalt,
  title = {ggalt: Extra Coordinate Systems, 'Geoms', Statistical Transformations,
Scales and Fonts for 'ggplot2'},
  author = {Bob Rudis and Ben Bolker and Jan Schulz},
  year = {2017},
  note = {R package version 0.4.0},
  url = {https://CRAN.R-project.org/package=ggalt},
}
@Manual{R-ggforce,
  title = {ggforce: Accelerating 'ggplot2'},
  author = {Thomas Lin Pedersen},
  year = {2019},
  note = {R package version 0.2.2},
  url = {https://CRAN.R-project.org/package=ggforce},
}
@Manual{R-ggiraph,
  title = {ggiraph: Make 'ggplot2' Graphics Interactive},
  author = {David Gohel},
  year = {2019},
  note = {R package version 0.6.1},
  url = {https://CRAN.R-project.org/package=ggiraph},
}
@Manual{R-ggplot2,
  title = {ggplot2: Create Elegant Data Visualisations Using the Grammar of Graphics},
  author = {Hadley Wickham and Winston Chang and Lionel Henry and Thomas Lin Pedersen and Kohske Takahashi and Claus Wilke and Kara Woo and Hiroaki Yutani},
  year = {2019},
  note = {R package version 3.2.0},
  url = {https://CRAN.R-project.org/package=ggplot2},
}
@Manual{R-ggplot2movies,
  title = {ggplot2movies: Movies Data},
  author = {Hadley Wickham},
  year = {2015},
  note = {R package version 0.0.1},
  url = {https://CRAN.R-project.org/package=ggplot2movies},
}
@Manual{R-ggpmisc,
  title = {ggpmisc: Miscellaneous Extensions to 'ggplot2'},
  author = {Pedro J. Aphalo},
  year = {2019},
  note = {R package version 0.3.1},
  url = {https://CRAN.R-project.org/package=ggpmisc},
}
@Manual{R-ggpubr,
  title = {ggpubr: 'ggplot2' Based Publication Ready Plots},
  author = {Alboukadel Kassambara},
  year = {2018},
  note = {R package version 0.2},
  url = {https://CRAN.R-project.org/package=ggpubr},
}
@Manual{R-ggraph,
  title = {ggraph: An Implementation of Grammar of Graphics for Graphs and Networks},
  author = {Thomas Lin Pedersen},
  year = {2018},
  note = {R package version 1.0.2},
  url = {https://CRAN.R-project.org/package=ggraph},
}
@Manual{R-ggrepel,
  title = {ggrepel: Automatically Position Non-Overlapping Text Labels with
'ggplot2'},
  author = {Kamil Slowikowski},
  year = {2019},
  note = {R package version 0.8.1},
  url = {https://CRAN.R-project.org/package=ggrepel},
}
@Manual{R-ggridges,
  title = {ggridges: Ridgeline Plots in 'ggplot2'},
  author = {Claus O. Wilke},
  year = {2018},
  note = {R package version 0.5.1},
  url = {https://CRAN.R-project.org/package=ggridges},
}
@Manual{R-ggstance,
  title = {ggstance: Horizontal 'ggplot2' Components},
  author = {Lionel Henry and Hadley Wickham and Winston Chang},
  year = {2018},
  note = {R package version 0.3.1},
  url = {https://CRAN.R-project.org/package=ggstance},
}
@Manual{R-ggthemes,
  title = {ggthemes: Extra Themes, Scales and Geoms for 'ggplot2'},
  author = {Jeffrey B. Arnold},
  year = {2019},
  note = {R package version 4.2.0},
  url = {https://CRAN.R-project.org/package=ggthemes},
}
@Manual{R-ggwaffle,
  title = {ggwaffle: Waffle Charts},
  author = {Liam Gilbey},
  year = {2018},
  note = {R package version 0.2.2},
  url = {https://github.com/liamgilbey/ggwaffle},
}
@Manual{R-HistData,
  title = {HistData: Data Sets from the History of Statistics and Data Visualization},
  author = {Michael Friendly},
  year = {2018},
  note = {R package version 0.8-4},
  url = {https://CRAN.R-project.org/package=HistData},
}
@Manual{R-hrbrthemes,
  title = {hrbrthemes: Additional Themes, Theme Components and Utilities for 'ggplot2'},
  author = {Bob Rudis},
  year = {2019},
  note = {R package version 0.6.0},
  url = {https://CRAN.R-project.org/package=hrbrthemes},
}
@Manual{R-igraph,
  title = {igraph: Network Analysis and Visualization},
  author = {See AUTHORS file.},
  year = {2019},
  note = {R package version 1.2.4.1},
  url = {https://CRAN.R-project.org/package=igraph},
}
@Manual{R-kableExtra,
  title = {kableExtra: Construct Complex Table with 'kable' and Pipe Syntax},
  author = {Hao Zhu},
  year = {2019},
  note = {R package version 1.1.0},
  url = {https://CRAN.R-project.org/package=kableExtra},
}
@Manual{R-knitr,
  title = {knitr: A General-Purpose Package for Dynamic Report Generation in R},
  author = {Yihui Xie},
  year = {2019},
  note = {R package version 1.23},
  url = {https://CRAN.R-project.org/package=knitr},
}
@Manual{R-lme4,
  title = {lme4: Linear Mixed-Effects Models using 'Eigen' and S4},
  author = {Douglas Bates and Martin Maechler and Ben Bolker and Steven Walker},
  year = {2019},
  note = {R package version 1.1-21},
  url = {https://CRAN.R-project.org/package=lme4},
}
@Manual{R-magrittr,
  title = {magrittr: A Forward-Pipe Operator for R},
  author = {Stefan Milton Bache and Hadley Wickham},
  year = {2014},
  note = {R package version 1.5},
  url = {https://CRAN.R-project.org/package=magrittr},
}
@Manual{R-Matrix,
  title = {Matrix: Sparse and Dense Matrix Classes and Methods},
  author = {Douglas Bates and Martin Maechler},
  year = {2019},
  note = {R package version 1.2-17},
  url = {https://CRAN.R-project.org/package=Matrix},
}
@Manual{R-packcircles,
  title = {packcircles: Circle Packing},
  author = {Michael Bedward and David Eppstein and Peter Menzel},
  year = {2018},
  note = {R package version 0.3.3},
  url = {https://CRAN.R-project.org/package=packcircles},
}
@Manual{R-patchwork,
  title = {patchwork: The Composer of ggplots},
  author = {Thomas Lin Pedersen},
  year = {2017},
  note = {R package version 0.0.1},
  url = {https://github.com/thomasp85/patchwork},
}
@Manual{R-plotly,
  title = {plotly: Create Interactive Web Graphics via 'plotly.js'},
  author = {Carson Sievert and Chris Parmer and Toby Hocking and Scott Chamberlain and Karthik Ram and Marianne Corvellec and Pedro Despouy},
  year = {2019},
  note = {R package version 4.9.0},
  url = {https://CRAN.R-project.org/package=plotly},
}
@Manual{R-purrr,
  title = {purrr: Functional Programming Tools},
  author = {Lionel Henry and Hadley Wickham},
  year = {2019},
  note = {R package version 0.3.2},
  url = {https://CRAN.R-project.org/package=purrr},
}
@Manual{R-quantmod,
  title = {quantmod: Quantitative Financial Modelling Framework},
  author = {Jeffrey A. Ryan and Joshua M. Ulrich},
  year = {2019},
  note = {R package version 0.4-15},
  url = {https://CRAN.R-project.org/package=quantmod},
}
@Manual{R-RColorBrewer,
  title = {RColorBrewer: ColorBrewer Palettes},
  author = {Erich Neuwirth},
  year = {2014},
  note = {R package version 1.1-2},
  url = {https://CRAN.R-project.org/package=RColorBrewer},
}
@Manual{R-readr,
  title = {readr: Read Rectangular Text Data},
  author = {Hadley Wickham and Jim Hester and Romain Francois},
  year = {2018},
  note = {R package version 1.3.1},
  url = {https://CRAN.R-project.org/package=readr},
}
@Manual{R-rmarkdown,
  title = {rmarkdown: Dynamic Documents for R},
  author = {JJ Allaire and Yihui Xie and Jonathan McPherson and Javier Luraschi and Kevin Ushey and Aron Atkins and Hadley Wickham and Joe Cheng and Winston Chang and Richard Iannone},
  year = {2019},
  note = {R package version 1.13},
  url = {https://CRAN.R-project.org/package=rmarkdown},
}
@Manual{R-scales,
  title = {scales: Scale Functions for Visualization},
  author = {Hadley Wickham},
  year = {2018},
  note = {R package version 1.0.0},
  url = {https://CRAN.R-project.org/package=scales},
}
@Manual{R-sf,
  title = {sf: Simple Features for R},
  author = {Edzer Pebesma},
  year = {2019},
  note = {R package version 0.7-4},
  url = {https://CRAN.R-project.org/package=sf},
}
@Manual{R-sparkline,
  title = {sparkline: 'jQuery' Sparkline 'htmlwidget'},
  author = {Ramnath Vaidyanathan and Kent Russell and Gareth Watts},
  year = {2016},
  note = {R package version 2.0},
  url = {https://CRAN.R-project.org/package=sparkline},
}
@Manual{R-stringr,
  title = {stringr: Simple, Consistent Wrappers for Common String Operations},
  author = {Hadley Wickham},
  year = {2019},
  note = {R package version 1.4.0},
  url = {https://CRAN.R-project.org/package=stringr},
}
@Manual{R-svglite,
  title = {svglite: An 'SVG' Graphics Device},
  author = {Hadley Wickham and Lionel Henry and T Jake Luciani and Matthieu Decorde and Vaudor Lise},
  year = {2019},
  note = {R package version 1.2.2},
  url = {https://CRAN.R-project.org/package=svglite},
}
@Manual{R-tibble,
  title = {tibble: Simple Data Frames},
  author = {Kirill Müller and Hadley Wickham},
  year = {2019},
  note = {R package version 2.1.3},
  url = {https://CRAN.R-project.org/package=tibble},
}
@Manual{R-tidyr,
  title = {tidyr: Easily Tidy Data with 'spread()' and 'gather()' Functions},
  author = {Hadley Wickham and Lionel Henry},
  year = {2019},
  note = {R package version 0.8.3},
  url = {https://CRAN.R-project.org/package=tidyr},
}
@Manual{R-tidyverse,
  title = {tidyverse: Easily Install and Load the 'Tidyverse'},
  author = {Hadley Wickham},
  year = {2017},
  note = {R package version 1.2.1},
  url = {https://CRAN.R-project.org/package=tidyverse},
}
@Manual{R-treemapify,
  title = {treemapify: Draw Treemaps in 'ggplot2'},
  author = {David Wilkins},
  year = {2019},
  note = {R package version 2.5.3},
  url = {https://CRAN.R-project.org/package=treemapify},
}
@Manual{R-TTR,
  title = {TTR: Technical Trading Rules},
  author = {Joshua Ulrich},
  year = {2018},
  note = {R package version 0.23-4},
  url = {https://CRAN.R-project.org/package=TTR},
}
@Manual{R-viridis,
  title = {viridis: Default Color Maps from 'matplotlib'},
  author = {Simon Garnier},
  year = {2018},
  note = {R package version 0.5.1},
  url = {https://CRAN.R-project.org/package=viridis},
}
@Manual{R-viridisLite,
  title = {viridisLite: Default Color Maps from 'matplotlib' (Lite Version)},
  author = {Simon Garnier},
  year = {2018},
  note = {R package version 0.3.0},
  url = {https://CRAN.R-project.org/package=viridisLite},
}
@Manual{R-xkcd,
  title = {xkcd: Plotting ggplot2 Graphics in an XKCD Style},
  author = {Emilio Torres-Manzanera},
  year = {2018},
  note = {R package version 0.0.6},
  url = {https://CRAN.R-project.org/package=xkcd},
}
@Manual{R-xts,
  title = {xts: eXtensible Time Series},
  author = {Jeffrey A. Ryan and Joshua M. Ulrich},
  year = {2018},
  note = {R package version 0.11-2},
  url = {https://CRAN.R-project.org/package=xts},
}
@Manual{R-zoo,
  title = {zoo: S3 Infrastructure for Regular and Irregular Time Series (Z's
Ordered Observations)},
  author = {Achim Zeileis and Gabor Grothendieck and Jeffrey A. Ryan},
  year = {2019},
  note = {R package version 1.8-6},
  url = {https://CRAN.R-project.org/package=zoo},
}
